@online{bib:PubChem-Benzophenone,
    title = {PubChem Compound Summary for CID 3102, Benzophenone},
    author = {{National Center for Biotechnology Information}},
    year = {2021},
    url = {https://pubchem.ncbi.nlm.nih.gov/compound/Benzophenone},
    urldate = {2021-09-28}
}